@online{1,
	author = {William Pugh},
	title = {Skip Lists: A Probabilistic Alternative to Balanced Trees},
	url = {http://homepage.cs.uiowa.edu/~ghosh/skip.pdf},
}
@online{2,
	author = {Patrice Roy},
	title = {Skip Lists},
	url = {http://h-deb.clg.qc.ca/Sujets/Structures-donnees/SkipLists.html},
}
@online{3,
	author = {Sylvie Hamel},
	title = {Dictionnaires ordonnés et “Skip List”},
	url = {http://www.iro.umontreal.ca/~hamelsyl/SkipList.pdf},
}
@online{4,
	author = {Ge Xia, Jennifer Welch},
	title = {Lecture Notes on Skip Lists},
	url = {https://parasol.tamu.edu/~welch/teaching/211.s04/skiplist.pdf},
}
@online{5,
	author = {Richard Pattis},
	title = {Skip Lists},
	url = {https://www.ics.uci.edu/~pattis/ICS-23/lectures/notes/Skip%20Lists.pdf},
}
@online{6,
	author = {David Monniaux, Anne Canteaut, Olivier Delande},
	title = {Skip-lists},
	url = {http://www.enseignement.polytechnique.fr/informatique/INF321/TD.old/07-08/pale_machine/},
}
@online{7,
	author = {Marko Berezovský, Radek Mařík},
	title = {Skip-lists},
	url = {https://cw.fel.cvut.cz/wiki/_media/courses/a4m33pal/paska13skiplist.pdf},
}
